@article{tefaghcapital,
  title={Capital-free Futures Arbitrage},
  author={Tefagh, Mojtaba and Bagheri, Fatemeh and Khajehpour, Amirhossein and Abdi, Melika},
  year=2020
}

@article{kwon2018network,
  title={A network of distributed ledgers},
  author={Kwon, Jae and Buchman, Ethan},
  journal={Cosmos, dated},
  pages={1--41},
  year={2018}
}

@article{black2019atomic,
  title={Atomic loans: Cryptocurrency debt instruments},
  author={Black, Matthew and Liu, TingWei and Cai, Tony},
  journal={arXiv preprint arXiv:1901.05117},
  year={2019}
}

@article{tefagh2020atomic,
  title={Atomic Bonded Cross-chain Debt},
  author={Tefagh, Mojtaba and Bagheri, Fatemeh and Khajehpour, Amirhossein and Abdi, Melika},
  year={2020}
}

@article{adams2020uniswap,
  title={Uniswap v2 core},
  author={Adams, Hayden and Zinsmeister, Noah and Robinson, Dan},
  journal={URl: https://uniswap. org/whitepaper. pdf},
  year={2020}
}

@misc{aave,
  title = {THE MONEY MARKET PROTOCOL},
  howpublished = {\url{https://aave.com}},
  note = {Accessed: 2020.08.22}
}

@misc{maker,
  title = {A better money},
  howpublished = {\url{https://makerdao.com}},
  note = {Accessed: 2020.08.22}
}

@article{buterin2014next,
  title={A next-generation smart contract and decentralized application platform},
  author={Buterin, Vitalik and others},
  journal={white paper},
  volume={3},
  number={37},
  year={2014}
}

@misc{compound,
  title = {Compound is an algorithmic, autonomous interest rate protocol built for developers, to unlock a universe of open financial applications.},
  howpublished = {\url{https://compound.finance}},
  note = {Accessed: 2020.08.22}
}

@techreport{nakamoto2019bitcoin,
  title={Bitcoin: A peer-to-peer electronic cash system},
  author={Nakamoto, Satoshi},
  year={2019},
  institution={Manubot}
}